@article {Dewes:arXiv0809.1346,
author="Andreas Dewes and Tobias Gaber and Dieter Koelle and Reinhold Kleiner and Edward Goldobin",
title="Semifluxon molecule under control",
year="2008",
eprint="arXiv/0809.1346",
doi="10.1103/PhysRevLett.101.247001"
}