
@misc{__????
},

@misc{__????-1
},

@misc{__????-2
},

@misc{__????-3
},

@misc{__????-4
},

@misc{__????-5
},

@misc{__????-6
},

@misc{__????-7
},

@misc{__????-8
},

@misc{__????-9
},

@misc{__????-10
},

@misc{__????-11
},

@misc{__????-12
},

@misc{__????-13
},

@misc{__????-14
},

@misc{__????-15
},

@misc{__????-16
},

@misc{__????-17
},

@misc{__????-18
},

@misc{__????-19
},

@misc{__????-20
},

@misc{__????-21
},

@misc{__????-22
},

@misc{__????-23
},

@misc{__????-24
},

@misc{__????-25
},

@misc{__????-26
},

@misc{__????-27
},

@misc{__????-28
},

@misc{__????-29
},

@misc{__????-30
},

@misc{__????-31
},

@misc{__????-32
},

@misc{__????-33
},

@misc{__????-34
},

@misc{__????-35
},

@misc{__????-36
},

@misc{__????-37
},

@misc{__????-38
},

@misc{__????-39
},

@misc{__????-40
},

@misc{__????-41
},

@misc{__????-42
},

@misc{__????-43
},

@misc{__????-44
},

@misc{__????-45
},

@misc{__????-46
},

@misc{__????-47
},

@misc{__????-48
},

@misc{__????-49
},

@misc{__????-50
},

@misc{__????-51
},

@misc{__????-52
},

@misc{__????-53
},

@misc{__????-54
},

@misc{__????-55
},

@misc{__????-56
},

@misc{__????-57
},

@misc{__????-58
},

@misc{__????-59
},

@misc{__????-60
},

@misc{__????-61
},

@misc{__????-62
},

@misc{__????-63
},

@misc{__????-64
},

@misc{__????-65
},

@misc{__????-66
},

@misc{__????-67
},

@misc{__????-68
},

@misc{__????-69
},

@misc{__????-70
},

@misc{__????-71
},

@misc{__????-72
},

@misc{__????-73
},

@misc{__????-74
},

@misc{__????-75
},

@misc{__????-76
},

@misc{__????-77
},

@misc{__????-78
},

@misc{__????-79
},

@misc{__????-80
},

@misc{__????-81
},

@misc{__????-82
},

@misc{__????-83
},

@misc{__????-84
},

@misc{__????-85
},

@misc{__????-86
},

@misc{__????-87
},

@misc{__????-88
},

@misc{__????-89
},

@misc{__????-90
},

@misc{__????-91
},

@misc{__????-92
},

@misc{__????-93
},

@misc{__????-94
},

@misc{__????-95
},

@misc{__????-96
},

@misc{__????-97
},

@misc{__????-98
},

@misc{__????-99
},

@misc{__????-100
},

@misc{__????-101
},

@misc{__????-102
},

@misc{__????-103
},

@misc{__????-104
},

@misc{__????-105
},

@misc{__????-106
},

@misc{__????-107
},

@misc{__????-108
},

@misc{__????-109
},

@misc{__????-110
},

@misc{__????-111
},

@misc{__????-112
},

@misc{__????-113
},

@misc{__????-114
},

@misc{__????-115
},

@misc{__????-116
},

@misc{__????-117
},

@misc{__????-118
},

@misc{__????-119
},

@misc{__????-120
},

@misc{__????-121
},

@misc{__????-122
},

@misc{__????-123
},

@misc{__????-124
},

@misc{__????-125
},

@misc{__????-126
},

@misc{__????-127
},

@misc{__????-128
},

@misc{__????-129
},

@misc{__????-130
},

@misc{__????-131
},

@misc{__????-132
},

@misc{__????-133
},

@misc{__????-134
},

@misc{__????-135
},

@misc{__????-136
},

@misc{__????-137
},

@misc{__????-138
},

@misc{__????-139
},

@misc{__????-140
},

@misc{__????-141
},

@misc{__????-142
},

@misc{__????-143
},

@misc{__????-144
},

@misc{__????-145
},

@misc{__????-146
},

@misc{__????-147
},

@misc{__????-148
},

@misc{__????-149
},

@misc{__????-150
},

@misc{__????-151
},

@misc{__????-152
},

@misc{__????-153
},

@misc{__????-154
},

@misc{__????-155
},

@misc{__????-156
},

@misc{__????-157
},

@misc{__????-158
},

@misc{__????-159
},

@misc{__????-160
},

@misc{__????-161
},

@misc{__????-162
},

@misc{__????-163
},

@misc{__????-164
},

@misc{__????-165
},

@misc{__????-166
},

@misc{__????-167
},

@misc{__????-168
},

@misc{__????-169
},

@misc{__????-170
},

@misc{__????-171
},

@misc{__????-172
},

@misc{__????-173
},

@misc{__????-174
},

@misc{__????-175
},

@misc{__????-176
},

@misc{__????-177
},

@misc{__????-178
}